% Software
@misc{utk:papas,
    title={{PaPaS}: Parallel parameter studies framework},
    author={Ponce, Eduardo and Peterson, Gregory D.},
    howpublished={\url{https://github.com/edponce/papas}},
    year={2017--2018},
}

@misc{utk:gvl,
    title={{GVL}: Generic vector library},
    author={Ponce, Eduardo and Peterson, Gregory D.},
    howpublished={\url{https://github.com/edponce/libsimdcpp}},
    year={2016--2018},
}


% Journal articles, conference proceedings, and workshop articles
@inproceedings{utk:ponce2018papas,
    author={Ponce, Eduardo and Stephenson, Brittany and Lenhart, Suzanne and Day, Judy and Peterson, Gregory D.},
    title={{PaPaS}: {A} portable, lightweight, and generic framework for parallel parameter studies},
    booktitle={Practice \& Experience in Advanced Research Computing (PEARC'18)},
    month={July},
    year={2018},
    address={Pittsburgh, PA},
    publisher={ACM Digital Library},
    doi={10.1145/32191043229289},
    archivePrefix={arXiv},
    eprint={1807.09632},
    primaryClass={cs.DC},
}

@inproceedings{ornl:mayer2018textanalytics,
    author={B. Mayer and J. Arnold and E. Begoli and E. Rush and M. Drewry and K. Brown and E. Ponce and S. Srinivasan},
    title={Evaluating text analytic frameworks for mental health surveillance},
    booktitle={2018 IEEE 34\textsuperscript{th} International Conference on Data Engineering Workshops (ICDEW)},
    month={April},
    year={2018},
    pages={39--47},
    publisher={IEEE Xplore},
    doi={10.1109/ICDEW.2018.00014},
}

@article{utk:rdf2018jac,
    title={Evaluation of nano- and mesoscale structural features in composite materials through hierarchical decomposition of the radial distribution function},
    author={Garc\'ia-Negr\'on, V. and Oyedele, A.D. and Ponce, E. and Rios, O. and Harper, D.P. and Keffer, D.J.},
    journal={Journal of Applied Crystallography},
    volume={51},
    number={1},
    pages={76--86},
    year={2018},
    publisher={International Union of Crystallography},
    doi={10.1177/1094342016646844},
}

@article{utk:idr2016optimization,
    title={Optimization and performance evaluation of the {IDR} iterative {Krylov} solver on {GPUs}},
    author={Anzt, Hartwig and Kreutzer, Moritz and Ponce, Eduardo and Peterson, Gregory D. and Wellein, Gerhard and Dongarra, Jack},
    journal={International Journal of High Performance Computing Applications},
    year={2016},
    publisher={SAGE Publications},
    doi={10.1177/1094342016646844},
}

@inproceedings{utk:idr2015gpu,
    title={{GPU}-accelerated co-design of induced dimension reduction: {A}lgorithmic fusion and kernel overlap},
    author={Anzt, Hartwig and Ponce, Eduardo and Peterson, Gregory D. and Dongarra, Jack},
    booktitle={Proceedings of the 2\textsuperscript{nd} International Workshop on Hardware-Software Co-Design for High Performance Computing (Co-HPC'15)},
    year={2015},
    organization={ACM},
    isbn={978-1450339926},
}

@inproceedings{utk:hspwrap2015blast,
    author={Ponce, Eduardo and Peterson, Gregory D. and Rekepalli, Bhanu},
    title={Optimizing genomic sequence searches to next-generation {Intel} architectures},
    booktitle={Proceedings of the 7\textsuperscript{th} International Conference on Bioinformatics and Computational Biology (BICoB'15)},
    volume={1},
    month={March},
    year={2015},
    publisher={ISCA},
    isbn={978-1510800137},
}

@article{pupr:plasma2014fpga,
    title={Adaptive embedded digital system for plasma diagnostics},
    author={Gonzalez, Angel and Rodriguez, Othoniel and Mangual, Osvaldo and Ponce, Eduardo and Velez, Xavier},
    journal={Journal of Physics: Conference Series},
    volume={511},
    issue={1},
    number={012086},
    year={2014},
    organization={IOP Publishing},
    doi={10.1088/1742-6596/511/1/012086},
}

@inproceedings{ornl:sensorfusion2012,
    title={Coherent spatio-temporal sensor fusion on a hybrid multicore processor system},
    author={Kotas, Charlotte and Ponce, Eduardo and Williams, Holly and Barhen, Jacob},
    booktitle={Proceedings of the 15\textsuperscript{th} International Conference on Information Fusion (FUSION'12)},
    pages={1504--1510},
    month={July},
    year={2012},
    organization={IEEE},
    isbn= {978-1467304177},
}

@article{ornl:dmrg2011,
    title={Time evolution with the density-matrix renormalization-group algorithm: {A} generic implementation for strongly correlated electronic systems},
    author={Alvarez, G. and Dias da Silva, Luis G.G.V. and Ponce, E. and Dagotto, E.},
    journal={Physical Review E},
    volume={84},
    issue={5},
    number={056706},
    month={Nov},
    year={2011},
    publisher={American Physical Society},
    doi={10.1103/PhysRevE.84.056706},
    url = {http://link.aps.org/doi/10.1103/PhysRevE.84.056706},
    archivePrefix={arXiv},
    eprint={1103.5391},
    primaryClass={cond-mat.str-el},
}


% Books
@inbook{caaqa2017appsol,
    author={Ponce, Eduardo and Peterson, Gregory D.},
    chapter={{Appendix A} solutions: {I}nstruction set principles},
    crossref={caaqa2017},
}

@book{caaqa2017,
    title={Computer architecture: {A} quantitative approach},
    author={Hennessy, John L. and Patterson, David A.},
    month={Dec},
    year={2017},
    edition={6},
    publisher={Morgan Kaufmann},
    isbn={978-0128119051},
}


% Theses
@mastersthesis{pupr:mojica2012asynchronous,
    title={Asynchronous computing using {CUDA} on a {Tesla C2050 GPU}},
    author={Eduardo M. Ponce Mojica},
    year={2012},
    school={Universidad Polit\'ecnica de Puerto Rico},
    address={San Juan, Puerto Rico},
    publisher={ProQuest LLC},
}


% Posters
@inproceedings{utk:ponce2018frameworkparameter,
    title={Generic framework for parameter studies in distributed systems},
    author={Ponce, Eduardo and Peterson, Gregory D.},
    booktitle={Poster session at 40\textsuperscript{th} Annual University-Wide Research Symposium 2018 at Tennessee State University},
    month={April},
    year={2018},
    address={Nashville, TN},
}

@inproceedings{utk:negron2018rdfwomenstem,
    title={An efficient physics-based model of structural features in composite materials by hierarchical decomposition of the radial distribution function},
    author={Garc\'ia-Negr\'on, V. and Oyedele, A.D. and Ponce, E. and Rios, O. and Harper, D.P. and Keffer, D.J.},
    booktitle={Poster session at 4\textsuperscript{th} Annual Women in STEM Research Symposium at University of Tennessee},
    month={March},
    year={2018},
    address={Knoxville, TN},
}

@inproceedings{ornl:hspwrap2014expo,
    title={{HSP-Wrap} for bioinformatics applications},
    author={Eduardo Ponce},
    booktitle={Oak Ridge National Laboratory Software EXPO},
    month={July},
    year={2014},
    address={Oak Ridge, TN},
}

@inproceedings{ornl:poplar2014gateway,
    title={Bioinformatics analysis tools using the {PoPLAR} science gateway},
    author={L. Harris, Mary and Ponce, Eduardo and Rekepalli, Bhanu},
    booktitle={Poster session at Oak Ridge National Laboratory},
    month={Aug},
    year={2014},
    address={Oak Ridge, TN},
}

@inproceedings{utk:hspwrap2014blast,
    title={Next-generation bioinformatics tools on next-generation hybrid architectures},
    author={Ponce, Eduardo and Rekepalli, Bhanu and Peterson, Gregory D.},
    booktitle={Poster session at Extreme Science and Engineering Discovery Environment (XSEDE'14)},
    month={July},
    year={2014},
    address={Atlanta, GA},
}

@inproceedings{ornl:async2012gpu,
    title={Toward asynchronous computing on hybrid {GPU} systems},
    author={Barhen, Jacob and Ponce, Eduardo},
    booktitle={Poster session at the 7\textsuperscript{th} International Conference on High-Performance and Embedded Architectures and Compilers (HiPEAC'12)},
    month={July},
    year={2012},
    address={Paris, France},
}

@inproceedings{ornl:async2011gpu,
    title={Asynchronous computing using {CUDA} on a {Tesla C2050 GPU}},
    author={Barhen, Jacob and Ponce, Eduardo and Kettani, Houssain and Zaharov, Viktor},
    booktitle={Poster session at Fall Creek Falls Conference},
    month={Sept},
    year={2011},
    address={Gatlinburg, TN},
}

@inproceedings{ornl:dmrg2010,
    title={Code refactoring and test suite development for the density matrix renormalization group algorithm},
    author={Alvarez, Gonzalo and Ponce, Eduardo},
    booktitle={Poster session at Oak Ridge National Laboratory},
    month={Aug},
    year={2010},
    address={Oak Ridge, TN},
}

@inproceedings{ornl:ipcc2009,
    title={Global and {U.S. Southeast} assessment of precipitation: {C}omparison of model simulations from the {Intergovernmental Panel on Climate Change} with reanalysis-based observations},
    author={Ganguly, Auroop and Ponce, Eduardo},
    booktitle={Poster session at Oak Ridge National Laboratory},
    month={Aug},
    year={2009},
    address={Oak Ridge, TN},
}


% Oral
@inproceedings{utk:papas2018pearc,
    author={Ponce, Eduardo and Stephenson, Brittany and Lenhart, Suzanne and Day, Judy and Peterson, Gregory D.},
    title={{PaPaS}: {A} portable, lightweight, and generic framework for parallel parameter studies},
    booktitle={Presentation at Practice \& Experience in Advanced Research Computing (PEARC'18)},
    month={July},
    year={2018},
    address={Pittsburgh, PA},
}

@inproceedings{utk:hspwrap2015bicob,
    author={Rekepalli, Bhanu and Ponce, Eduardo and Peterson, Gregory D.},
    title={Fast genomic sequence searches with symmetric implementation of parallel {BLAST}},
    booktitle={Presentation at the 7\textsuperscript{th} International Conference on Bioinformatics and Computational Biology (BICoB'15)},
    month={March},
    year={2015},
    address={Honolulu, HI},
}

@inproceedings{utk:idr2015cohpc,
    title={{GPU}-accelerated co-design of induced dimension reduction: {A}lgorithmic fusion and kernel overlap},
    author={Anzt, Hartwig and Ponce, Eduardo and Peterson, Gregory D. and Dongarra, Jack},
    booktitle={Presentation at the 2\textsuperscript{nd} International Workshop on Hardware-Software Co-Design for High Performance Computing (Co-HPC'15)},
    month={Nov},
    year={2015},
    address={Austin, TX},
}


% Professional
@misc{utk:judge2018pearc,
    title={{Poster session judge at Practice \& Experience in Advanced Research Computing (PEARC'18), Pittsburgh, PA}},
    author={Ponce, Eduardo},
    month={July},
    year={2018},
}

@misc{telconuni,
    title={{Reviewer of Congreso Internacional de Telecomunicaciones (TELCON UNI), Lima, Peru}},
    author={Ponce, Eduardo},
}

@misc{pupr:chair2010icste,
    title={{Session chair at the 2\textsuperscript{nd} International Conference on Software Technology and Engineering (ICSTE'10), San Juan, PR}},
    author={Ponce, Eduardo},
    month={Oct},
    year={2010},
}
